
@book{andersonInfectiousDiseasesHumans1992,
  title = {Infectious {{Diseases}} of {{Humans}}: {{Dynamics}} and {{Control}}},
  shorttitle = {Infectious {{Diseases}} of {{Humans}}},
  author = {Anderson, Roy M. and May, Robert M.},
  date = {1992-08-27},
  publisher = {{Oxford University Press}},
  location = {{Oxford, New York}},
  isbn = {978-0-19-854040-3},
  pagetotal = {766},
  file = {/home/terminological/Zotero/storage/SGFKKW5S/infectious-diseases-of-humans-9780198540403.html}
}

@article{andersonMethodProducingEvaluating1996,
  title = {A {{Method}} for {{Producing}} and {{Evaluating Probabilistic Forecasts}} from {{Ensemble Model Integrations}}},
  author = {Anderson, Jeffrey L.},
  date = {1996-07-01},
  journaltitle = {Journal of Climate},
  volume = {9},
  number = {7},
  pages = {1518--1530},
  publisher = {{American Meteorological Society}},
  issn = {0894-8755, 1520-0442},
  doi = {10.1175/1520-0442(1996)009<1518:AMFPAE>2.0.CO;2},
  langid = {english},
  file = {/home/terminological/Zotero/storage/K9NZHRWS/Anderson - 1996 - A Method for Producing and Evaluating Probabilisti.pdf;/home/terminological/Zotero/storage/C9LXQE3G/1520-0442_1996_009_1518_amfpae_2_0_co_2.html}
}

@online{BetaPrimeDistribution,
  title = {Beta {{Prime Distribution}} — {{Wolfram Language Documentation}}},
  url = {https://reference.wolfram.com/language/ref/BetaPrimeDistribution.html},
  urldate = {2022-01-05},
  file = {/home/terminological/Zotero/storage/W45LMPZ2/BetaPrimeDistribution.html}
}

@article{brockerReliabilityAnalysisMulticategorical2008,
  title = {On Reliability Analysis of Multi-Categorical Forecasts},
  author = {Bröcker, J.},
  date = {2008-08-06},
  journaltitle = {Nonlinear Processes in Geophysics},
  volume = {15},
  number = {4},
  pages = {661--673},
  publisher = {{Copernicus GmbH}},
  issn = {1023-5809},
  doi = {10.5194/npg-15-661-2008},
  langid = {english},
  file = {/home/terminological/Zotero/storage/Z7YWA8HU/Bröcker - 2008 - On reliability analysis of multi-categorical forec.pdf;/home/terminological/Zotero/storage/NDGA6SAG/2008.html}
}

@book{coaleGrowthStructureHuman1972,
  title = {The Growth and Structure of Human Populations: A Mathematical Investigation},
  shorttitle = {The Growth and Structure of Human Populations},
  author = {Coale, Ansley J.},
  date = {1972},
  publisher = {{Princeton University Press}},
  location = {{Princeton, N.J}},
  isbn = {978-0-691-09357-4},
  langid = {english},
  pagetotal = {xvii, 227},
  keywords = {Demography -- Mathematical models},
  annotation = {Open Library ID: OL4918149M}
}

@software{coriEpiEstimEstimateTime2021,
  title = {{{EpiEstim}}: {{Estimate Time Varying Reproduction Numbers}} from {{Epidemic Curves}}},
  shorttitle = {{{EpiEstim}}},
  author = {Cori, Anne and Cauchemez, Simon and Ferguson, Neil M. and Fraser, Christophe and Dahlqwist, Elisabeth and Demarsh, P. Alex and Jombart, Thibaut and Kamvar, Zhian N. and Lessler, Justin and Li, Shikun and Polonsky, Jonathan A. and Stockwin, Jake and Thompson, Robin and van Gaalen, Rolina},
  date = {2021-01-07},
  url = {https://CRAN.R-project.org/package=EpiEstim},
  urldate = {2021-07-07},
  version = {2.2-4}
}

@article{coriNewFrameworkSoftware2013,
  title = {A New Framework and Software to Estimate Time-Varying Reproduction Numbers during Epidemics},
  author = {Cori, Anne and Ferguson, Neil M and Fraser, Christophe and Cauchemez, Simon},
  date = {2013-11},
  journaltitle = {American Journal of Epidemiology},
  shortjournal = {Am. J. Epidemiol.},
  volume = {178},
  number = {9},
  pages = {1505--1512},
  publisher = {{Oxford Academic}},
  langid = {english},
  keywords = {Covid/Rt estimation,incidence,influenza,measles,reproduction number,SARS,smallpox,software},
  file = {/home/terminological/Zotero/storage/7Y77X2EU/Cori et al. - 2013 - A New Framework and Software to Estimate Time-Vary.pdf;/home/terminological/Zotero/storage/9VMBINQH/kwt133supp.pdf;/home/terminological/Zotero/storage/D4YCKRK8/Cori et al. 2013 - A new framework and software to estimate time-varying reproduction numbers during epidemics.pdf;/home/terminological/Zotero/storage/6F3KGXAD/89262.html}
}

@article{covoNovelSinglegammaApproximation2014,
  title = {A Novel Single-Gamma Approximation to the Sum of Independent Gamma Variables, and a Generalization to Infinitely Divisible Distributions},
  author = {Covo, Shai and Elalouf, Amir},
  date = {2014-01},
  journaltitle = {Electronic Journal of Statistics},
  volume = {8},
  number = {1},
  pages = {894--926},
  publisher = {{Institute of Mathematical Statistics and Bernoulli Society}},
  issn = {1935-7524, 1935-7524},
  doi = {10.1214/14-EJS914},
  keywords = {60G50,60G51,62E17,approximation,gamma process,generalized Dickman distribution,Infinitely divisible distributions,Lévy measure,moment-matching method,negative binomial distribution,Sum of independent gamma variables},
  file = {/home/terminological/Zotero/storage/VZILRKT9/Covo and Elalouf - 2014 - A novel single-gamma approximation to the sum of i.pdf;/home/terminological/Zotero/storage/5XLL3GE4/14-EJS914.html}
}

@article{dublinTrueRateNatural1925,
  title = {On the {{True Rate}} of {{Natural Increase}}: {{As Exemplified}} by the {{Population}} of the {{United States}}, 1920},
  shorttitle = {On the {{True Rate}} of {{Natural Increase}}},
  author = {Dublin, Loots I. and Lotka, Alfred J.},
  date = {1925-09-01},
  journaltitle = {Journal of the American Statistical Association},
  volume = {20},
  number = {151},
  pages = {305--339},
  publisher = {{Taylor \& Francis}},
  issn = {0162-1459},
  doi = {10.1080/01621459.1925.10503498},
  annotation = {\_eprint: https://doi.org/10.1080/01621459.1925.10503498},
  file = {/home/terminological/Zotero/storage/THN9BYB9/Dublin and Lotka - 1925 - On the True Rate of Natural Increase As Exemplifi.pdf;/home/terminological/Zotero/storage/WZJR2VRJ/01621459.1925.html}
}

@article{fellerIntegralEquationRenewal1941,
  title = {On the {{Integral Equation}} of {{Renewal Theory}}},
  author = {Feller, Willy},
  date = {1941},
  journaltitle = {The Annals of Mathematical Statistics},
  volume = {12},
  number = {3},
  eprint = {2235855},
  eprinttype = {jstor},
  pages = {243--267},
  publisher = {{Institute of Mathematical Statistics}},
  issn = {0003-4851},
  doi = {10.1214/aoms/1177731708},
  file = {/home/terminological/Zotero/storage/6JW5W4QT/Feller - 1941 - On the Integral Equation of Renewal Theory.pdf}
}

@article{fraserEstimatingIndividualHousehold2007,
  title = {Estimating {{Individual}} and {{Household Reproduction Numbers}} in an {{Emerging Epidemic}}},
  author = {Fraser, Christophe},
  date = {2007-08-22},
  journaltitle = {PLOS ONE},
  shortjournal = {PLOS ONE},
  volume = {2},
  number = {8},
  pages = {e758},
  publisher = {{Public Library of Science}},
  issn = {1932-6203},
  doi = {10.1371/journal.pone.0000758},
  langid = {english},
  keywords = {Epidemiological methods and statistics,Epidemiology,Infectious disease epidemiology,Influenza,Measles,Measles virus,Pandemics,Respiratory infections},
  file = {/home/terminological/Zotero/storage/ERBVZTNC/Fraser - 2007 - Estimating Individual and Household Reproduction N.pdf;/home/terminological/Zotero/storage/ARARPMJC/article.html}
}

@article{hamillInterpretationRankHistograms2001,
  title = {Interpretation of {{Rank Histograms}} for {{Verifying Ensemble Forecasts}}},
  author = {Hamill, Thomas M.},
  date = {2001-03-01},
  journaltitle = {Monthly Weather Review},
  volume = {129},
  number = {3},
  pages = {550--560},
  publisher = {{American Meteorological Society}},
  issn = {1520-0493, 0027-0644},
  doi = {10.1175/1520-0493(2001)129<0550:IORHFV>2.0.CO;2},
  langid = {english},
  file = {/home/terminological/Zotero/storage/W6QN3R2T/Hamill - 2001 - Interpretation of Rank Histograms for Verifying En.pdf;/home/terminological/Zotero/storage/ZWGM224M/1520-0493_2001_129_0550_iorhfv_2.0.co_2.html}
}

@book{kotzContinuousUnivariateDistributions1995,
  title = {Continuous {{Univariate Distributions}}, {{Vol}}. 2},
  author = {Kotz, Samuel},
  date = {1995-05-08},
  publisher = {{Wiley-Interscience}},
  pagetotal = {752},
  annotation = {Open Library ID: OL7619146M}
}

@article{leemisUnivariateDistributionRelationships2008,
  title = {Univariate {{Distribution Relationships}}},
  author = {Leemis, Lawrence M and McQueston, Jacquelyn T},
  date = {2008-02},
  journaltitle = {The American Statistician},
  shortjournal = {The American Statistician},
  volume = {62},
  number = {1},
  pages = {45--53},
  issn = {0003-1305, 1537-2731},
  doi = {10.1198/000313008X270448},
  langid = {english},
  file = {/home/terminological/Zotero/storage/MERB4ZP4/Leemis and McQueston - 2008 - Univariate Distribution Relationships.pdf}
}

@article{lindsayMomentBasedApproximationsDistributions2000,
  title = {Moment-{{Based Approximations}} of {{Distributions Using Mixtures}}: {{Theory}} and {{Applications}}},
  shorttitle = {Moment-{{Based Approximations}} of {{Distributions Using Mixtures}}},
  author = {Lindsay, Bruce G. and Pilla, Ramani S. and Basak, Prasanta},
  date = {2000-06-01},
  journaltitle = {Annals of the Institute of Statistical Mathematics},
  shortjournal = {Annals of the Institute of Statistical Mathematics},
  volume = {52},
  number = {2},
  pages = {215--230},
  issn = {1572-9052},
  doi = {10.1023/A:1004105603806},
  langid = {english},
  file = {/home/terminological/Zotero/storage/PIATHF7N/Lindsay et al. - 2000 - Moment-Based Approximations of Distributions Using.pdf}
}

@book{loaderLocalRegressionLikelihood1999,
  title = {Local {{Regression}} and {{Likelihood}}},
  author = {Loader, Clive},
  date = {1999},
  series = {Statistics and {{Computing}}},
  publisher = {{Springer-Verlag}},
  location = {{New York}},
  doi = {10.1007/b98858},
  isbn = {978-0-387-98775-0},
  langid = {english},
  file = {/home/terminological/Zotero/storage/WVLBDBF3/LocalRegressionBook_1999.pdf}
}

@software{loaderLocfitLocalRegression2020,
  title = {Locfit: {{Local Regression}}, {{Likelihood}} and {{Density Estimation}}},
  shorttitle = {Locfit},
  author = {Loader, Catherine and Sun, Jiayang and Technologies, Lucent and Liaw, Andy},
  date = {2020-03-25},
  url = {https://CRAN.R-project.org/package=locfit},
  urldate = {2020-07-08},
  version = {1.5-9.4},
  keywords = {SocialSciences,Survival},
  file = {/home/terminological/Zotero/storage/N4LEVBJ5/LocalRegressionBook_1999.pdf}
}

@article{pellisChallengesControlCOVID192021,
  title = {Challenges in Control of {{COVID-19}}: Short Doubling Time and Long Delay to Effect of Interventions},
  shorttitle = {Challenges in Control of {{COVID-19}}},
  author = {Pellis, Lorenzo and Scarabel, Francesca and Stage, Helena B. and Overton, Christopher E. and Chappell, Lauren H. K. and Fearon, Elizabeth and Bennett, Emma and Lythgoe, Katrina A. and House, Thomas A. and Hall, Ian},
  date = {2021-07-19},
  journaltitle = {Philosophical Transactions of the Royal Society B: Biological Sciences},
  volume = {376},
  number = {1829},
  pages = {20200264},
  publisher = {{Royal Society}},
  doi = {10.1098/rstb.2020.0264},
  keywords = {early growth rate,incubation period,non-pharmaceutical interventions,onset-to-hospitalization delay,reproduction number,unconstrained epidemic},
  file = {/home/terminological/Zotero/storage/2DFFG778/Pellis et al. - 2021 - Challenges in control of COVID-19 short doubling .pdf}
}

@article{pham-giaDistributionsRatiosRandom2011,
  title = {Distributions of {{Ratios}}: {{From Random Variables}} to {{Random Matrices}}},
  shorttitle = {Distributions of {{Ratios}}},
  author = {Pham-Gia, Thu and Turkkan, Noyan},
  date = {2011-07-12},
  journaltitle = {Open Journal of Statistics},
  volume = {1},
  number = {2},
  pages = {93--104},
  publisher = {{Scientific Research Publishing}},
  doi = {10.4236/ojs.2011.12011},
  issue = {2},
  langid = {english},
  file = {/home/terminological/Zotero/storage/IKIBSZJI/Pham-Gia and Turkkan - 2011 - Distributions of Ratios From Random Variables to .pdf;/home/terminological/Zotero/storage/XSRMPZTL/paperinformation.html}
}

@book{pishro-nikIntroductionProbabilityStatistics2014,
  title = {Introduction to {{Probability}}, {{Statistics}}, and {{Random Processes}}},
  author = {Pishro-Nik, Hossein},
  date = {2014-08-24},
  publisher = {{Kappa Research, LLC}},
  location = {{Blue Bell, PA}},
  isbn = {978-0-9906372-0-2},
  langid = {english},
  pagetotal = {744}
}

@software{rob_challen_2022_5820292,
  title = {Jepidemic: {{R}} and {{Java}} Based Tools for Epidemic Modelling},
  author = {Challen, Rob},
  date = {2022-01},
  doi = {10.5281/zenodo.5820292},
  organization = {{Zenodo}},
  version = {all versions}
}

@software{siegertSpecsVerificationForecastVerification2020,
  title = {{{SpecsVerification}}: {{Forecast Verification Routines}} for {{Ensemble Forecasts}} of {{Weather}} and {{Climate}}},
  shorttitle = {{{SpecsVerification}}},
  author = {Siegert, Stefan and Bhend, Jonas and Kroener, Igor and Felice, Matteo De},
  date = {2020-02-26},
  url = {https://CRAN.R-project.org/package=SpecsVerification},
  urldate = {2021-11-23},
  version = {0.5-3}
}

@book{tabogaFunctionsRandomVariables,
  title = {Functions of Random Variables and Their Distribution},
  author = {Taboga, Marco},
  series = {Lectures on Probability Theory and Mathematical Statistics.},
  url = {https://www.statlect.com/fundamentals-of-probability/functions-of-random-variables-and-their-distribution},
  urldate = {2022-01-05},
  file = {/home/terminological/Zotero/storage/QQQMZBIZ/functions-of-random-variables-and-their-distribution.html}
}

@book{tabogaLecturesProbabilityTheory2017,
  title = {Lectures on {{Probability Theory}} and {{Mathematical Statistics}} - 3rd {{Edition}}},
  author = {Taboga, Marco},
  date = {2017-12-08},
  publisher = {{CreateSpace Independent Publishing Platform}},
  isbn = {978-1-981369-19-5},
  langid = {english},
  pagetotal = {670}
}

@article{thompsonImprovedInferenceTimevarying2019,
  ids = {Thompson2019-pq},
  title = {Improved Inference of Time-Varying Reproduction Numbers during Infectious Disease Outbreaks},
  author = {Thompson, R. N. and Stockwin, J. E. and van Gaalen, R. D. and Polonsky, J. A. and Kamvar, Z. N. and Demarsh, P. A. and Dahlqwist, E. and Li, S. and Miguel, E. and Jombart, T. and Lessler, J. and Cauchemez, S. and Cori, A.},
  options = {useprefix=true},
  date = {2019-12-01},
  journaltitle = {Epidemics},
  shortjournal = {Epidemics},
  volume = {29},
  pages = {100356},
  issn = {1755-4365},
  doi = {10.1016/j.epidem.2019.100356},
  langid = {english},
  keywords = {Covid/Rt estimation,Disease control,Infectious disease epidemiology,Mathematical modelling,Parameter inference,Reproduction number,Serial interval},
  file = {/home/terminological/Zotero/storage/44RQSVQZ/Thompson et al. - 2019 - Improved inference of time-varying reproduction nu.pdf;/home/terminological/Zotero/storage/L78CW9WU/S1755436519300350.html}
}

@article{vegvariCommentaryUseReproduction,
  title = {Commentary on the Use of the Reproduction Number {{R}} during the {{COVID-19}} Pandemic},
  author = {Vegvari, Carolin and Abbott, Sam and Ball, Frank and Brooks-Pollock, Ellen and Challen, Robert and Collyer, Benjamin S and Dangerfield, Ciara},
  journaltitle = {Statistical Methods in Medical Research},
  volume = {in submission},
  pages = {21},
  langid = {english},
  file = {/home/terminological/Zotero/storage/DATVINUP/Vegvari et al. - 1 Commentary on the use of the reproduction 2 numb.pdf}
}

@article{wallingaHowGenerationIntervals2007,
  ids = {Wallinga2007-rk,wallingaHowGenerationIntervals2007a},
  title = {How Generation Intervals Shape the Relationship between Growth Rates and Reproductive Numbers},
  author = {Wallinga, J and Lipsitch, M},
  date = {2007-02-22},
  journaltitle = {Proceedings of the Royal Society B: Biological Sciences},
  shortjournal = {Proceedings of the Royal Society B: Biological Sciences},
  volume = {274},
  number = {1609},
  eprint = {17476782},
  eprinttype = {pmid},
  pages = {599--604},
  publisher = {{Royal Society}},
  doi = {10.1098/rspb.2006.3754},
  pmcid = {PMC1766383},
  keywords = {Cohort Effect,Disease Outbreaks,Humans,Influenza; Human,Models; Biological},
  file = {/home/terminological/Zotero/storage/6GHHHAS8/Wallinga and Lipsitch 2007 - How generation intervals shape the relationship between growth rates and reproductive numbers.pdf;/home/terminological/Zotero/storage/E59FUBDK/Wallinga and Lipsitch - 2007 - How generation intervals shape the relationship be.pdf;/home/terminological/Zotero/storage/XRT29V8Z/Wallinga and Lipsitch - 2007 - How generation intervals shape the relationship be.pdf;/home/terminological/Zotero/storage/GG8995PU/rspb.2006.html}
}

@online{weissteinRegularizedBetaFunction,
  type = {Text},
  title = {Regularized {{Beta Function}}},
  author = {Weisstein, Eric W.},
  publisher = {{Wolfram Research, Inc.}},
  url = {https://mathworld.wolfram.com/RegularizedBetaFunction.html},
  urldate = {2022-01-05},
  langid = {english},
  file = {/home/terminological/Zotero/storage/I65YFHXY/RegularizedBetaFunction.html}
}

@article{zamoEstimationContinuousRanked2018,
  title = {Estimation of the {{Continuous Ranked Probability Score}} with {{Limited Information}} and {{Applications}} to {{Ensemble Weather Forecasts}}},
  author = {Zamo, Michaël and Naveau, Philippe},
  date = {2018-02-01},
  journaltitle = {Mathematical Geosciences},
  shortjournal = {Math Geosci},
  volume = {50},
  number = {2},
  pages = {209--234},
  issn = {1874-8953},
  doi = {10.1007/s11004-017-9709-7},
  langid = {english},
  file = {/home/terminological/Zotero/storage/RS9J3L6I/Zamo and Naveau - 2018 - Estimation of the Continuous Ranked Probability Sc.pdf}
}


